@inproceedings{adhya2016automated,
	title={Automated Short Answer Grader Using Friendship Graphs},
	author={Adhya, Soumajit and Setua, SK},
	booktitle={Computer Science and Information Technology-Proceedings of The Sixth International Conference on Advances in Computing and Information Technology (ACITY 2016)},
	volume={6},
	number={9},
	pages={13--22},
	year={2016}
}
@article{wang2018identifying,
	title={Identifying Current Issues in Short Answer Grading},
	author={Wang, Tianqi and Mizumoto, Tomoya and Inoue, Naoya and Inui, Kentaro},
	year={2018}
}